<record><leader>00000cas a2200000   4500</leader><controlfield tag="001">1345283</controlfield><controlfield tag="008">750520u1961uuuucauwr n       0   a0dut d</controlfield><datafield ind1=" " ind2=" " tag="010"><subfield code="a">sn 77000303 </subfield></datafield><datafield ind1=" " ind2=" " tag="040"><subfield code="a">NSD</subfield><subfield code="b">eng</subfield><subfield code="c">NSD</subfield><subfield code="d">OCLCQ</subfield></datafield><datafield ind1=" " ind2=" " tag="012"><subfield code="j">0</subfield></datafield><datafield ind1=" " ind2=" " tag="022"><subfield code="a">0300-8800</subfield><subfield code="l">0300-8800</subfield><subfield code="2">1</subfield></datafield><datafield ind1="0" ind2=" " tag="041"><subfield code="a">dut</subfield><subfield code="a">eng</subfield></datafield><datafield ind1=" " ind2=" " tag="042"><subfield code="a">nsdp</subfield></datafield><datafield ind1=" " ind2="0" tag="222"><subfield code="a">Holland reporter</subfield></datafield><datafield ind1="0" ind2="4" tag="245"><subfield code="a">The Holland reporter.</subfield></datafield><datafield ind1=" " ind2=" " tag="260"><subfield code="a">Los Angeles,</subfield><subfield code="b">[publisher not identified]</subfield></datafield><datafield ind1=" " ind2=" " tag="336"><subfield code="a">text</subfield><subfield code="b">txt</subfield><subfield code="2">rdacontent</subfield></datafield><datafield ind1=" " ind2=" " tag="337"><subfield code="a">unmediated</subfield><subfield code="b">n</subfield><subfield code="2">rdamedia</subfield></datafield><datafield ind1="1" ind2=" " tag="029"><subfield code="a">AU@</subfield><subfield code="b">000025842079</subfield></datafield></record>